% Encoding: UTF-8

@Article{Devezas2017,
  author  = {José Devezas and Sérgio Nunes},
  title   = {Graph-Based Entity-Oriented Search: Imitating the Human Process of Seeking and Cross Referencing Information},
  journal = {ERCIM News. Special Issue: Digital Humanities},
  year    = {2017},
  volume  = {111},
  pages   = {13-14},
  month   = oct,
  url     = {https://ercim-news.ercim.eu/en111/special/graph-based-entity-oriented-search-imitating-the-human-process-of-seeking-and-cross-referencing-information},
}
@inproceedings{Pires2017,
address = {Aveiro, Portugal},
author = {Pires, Andr\'{e} and Devezas, Jos\'{e} and Nunes, S\'{e}rgio},
booktitle = {Proceedings of Simpósio de Informática (INForum 2017)},
title = {{Benchmarking Named Entity Recognition Tools for Portuguese}},
year = {2017}
}

@InProceedings{Devezas2017c,
  author    = {Jos{\'e} Devezas and S{\'e}rgio Nunes},
  title     = {{Information Extraction for Event Ranking}},
  booktitle = {6th Symposium on Languages, Applications and Technologies (SLATE 2017)},
  year      = {2017},
  editor    = {Ricardo Queir{\'o}s and M{\'a}rio Pinto and Alberto Sim{\~o}es and Jos{\'e} Paulo Leal and Maria Jo{\~a}o Varanda},
  volume    = {56},
  series    = {OpenAccess Series in Informatics (OASIcs)},
  pages     = {18:1--18:14},
  address   = {Dagstuhl, Germany},
  publisher = {Schloss Dagstuhl--Leibniz-Zentrum fuer Informatik},
  annote    = {Keywords: Named Entity Recognition, Relation Extraction, Knowledge Base Population, Entity-Based Ranking, Academic Events},
  doi       = {10.4230/OASIcs.SLATE.2017.18},
  isbn      = {978-3-95977-056-9},
  issn      = {2190-6807},
  urn       = {urn:nbn:de:0030-drops-79515},
}

@InProceedings{Devezas2016a,
  author    = {Jos{\'{e}} Lu{\'{\i}}s Devezas and S{\'{e}}rgio Nunes},
  title     = {Index-Based Semantic Tagging for Efficient Query Interpretation},
  booktitle = {Experimental {IR} Meets Multilinguality, Multimodality, and Interaction - 7th International Conference of the {CLEF} Association, {CLEF} 2016, {\'{E}}vora, Portugal, September 5-8, 2016, Proceedings},
  year      = {2016},
  editor    = {Norbert Fuhr and Paulo Quaresma and Teresa Gon{\c{c}}alves and Birger Larsen and Krisztian Balog and Craig Macdonald and Linda Cappellato and Nicola Ferro},
  volume    = {9822},
  series    = {Lecture Notes in Computer Science},
  pages     = {208--213},
  publisher = {Springer},
  bibsource = {dblp computer science bibliography, https://dblp.org},
  biburl    = {https://dblp.org/rec/conf/clef/DevezasN15.bib},
  doi       = {10.1007/978-3-319-44564-9_17},
  timestamp = {Fri, 27 Mar 2020 08:53:57 +0100},
}

@InProceedings{Coelho2013,
  author    = {Filipe Coelho and Jos{\'{e}} Lu{\'{\i}}s Devezas and Cristina Ribeiro},
  title     = {Large-scale crossmedia retrieval for playlist generation and song discovery},
  booktitle = {Open research Areas in Information Retrieval, {OAIR} '13, Lisbon, Portugal, May 15-17, 2013},
  year      = {2013},
  editor    = {Jo{\~{a}}o Ferreira and Jo{\~{a}}o Magalh{\~{a}}es and P{\'{a}}vel Calado},
  pages     = {61--64},
  publisher = {{ACM}},
  bibsource = {dblp computer science bibliography, https://dblp.org},
  biburl    = {https://dblp.org/rec/conf/riao/CoelhoDR13.bib},
  timestamp = {Mon, 06 Apr 2015 13:15:38 +0200},
  url       = {https://dl.acm.org/doi/10.5555/2491748.2491764},
}

@InBook{Figueira2012,
  chapter   = {5},
  pages     = {67--86},
  title     = {Creating and Analysing a Social Network Built From Clips of Online News},
  publisher = {IGI Global},
  year      = {2012},
  author    = {Figueira, \'{A}lvaro and Devezas, Jos\'{e} and Cravino, Nuno and Revilla, Luis-Francisco},
  editor    = {Tomayess Issa and Pedro Isaías and Piet Kommers},
  booktitle = {Information Systems and Technology for Organizations in a Networked Society},
  keywords  = {network graph,news tagging,online news,social network,web clipping},
  url       = {https://www.igi-global.com/chapter/creating-analysing-social-network-built/76532},
}

@InProceedings{Cravino2012,
  author    = {Nuno Cravino and Jos{\'{e}} Lu{\'{\i}}s Devezas and {\'{A}}lvaro Figueira},
  title     = {Using the overlapping community structure of a network of tags to improve text clustering},
  booktitle = {23rd {ACM} Conference on Hypertext and Social Media, {HT} '12, Milwaukee, WI, USA, June 25-28, 2012},
  year      = {2012},
  editor    = {Ethan V. Munson and Markus Strohmaier},
  pages     = {239--244},
  publisher = {{ACM}},
  bibsource = {dblp computer science bibliography, https://dblp.org},
  biburl    = {https://dblp.org/rec/conf/ht/CravinoDF12.bib},
  doi       = {10.1145/2309996.2310036},
  timestamp = {Tue, 06 Nov 2018 11:07:00 +0100},
}

@Article{Devezas2013,
  author    = {Jos{\'{e}} Lu{\'{\i}}s Devezas and {\'{A}}lvaro Reis Figueira},
  title     = {The community structure of a multidimensional network of news clips},
  journal   = {Int. J. Web Based Communities},
  year      = {2013},
  volume    = {9},
  number    = {3},
  pages     = {411--429},
  bibsource = {dblp computer science bibliography, https://dblp.org},
  biburl    = {https://dblp.org/rec/journals/ijwbc/DevezasF13.bib},
  doi       = {10.1504/IJWBC.2013.054911},
  timestamp = {Tue, 29 Sep 2020 11:01:47 +0200},
}

@InProceedings{Devezas2012a,
  author    = {Devezas, Jos\'{e} and Alves, Henrique and Figueira, \'{A}lvaro},
  title     = {Creating News Context From a Folksonomy of Web Clipping},
  booktitle = {Lecture Notes in Engineering and Computer Science: Proceedings of The International MultiConference of Engineers and Computer Scientists 2012 (IMECS 2012)},
  year      = {2012},
  pages     = {446--451},
  address   = {Hong Kong},
  file      = {:Users/jldevezas/Dropbox/Lab/Research/Publications/devezas-news\_context\_folksonomy\_web\_clipping-ICDMA2012.pdf:pdf},
  url       = {http://cracs.fc.up.pt/sites/default/files/c2012_arf_IAENG.pdf},
}

@InProceedings{Devezas2012b,
  author    = {Jos{\'{e}} Lu{\'{\i}}s Devezas and Filipe Coelho and S{\'{e}}rgio Nunes and Cristina Ribeiro},
  title     = {Studying a Personality Coreference Network in a News Stories Photo Collection},
  booktitle = {Advances in Information Retrieval - 34th European Conference on {IR} Research, {ECIR} 2012, Barcelona, Spain, April 1-5, 2012. Proceedings},
  year      = {2012},
  editor    = {Ricardo Baeza{-}Yates and Arjen P. de Vries and Hugo Zaragoza and Berkant Barla Cambazoglu and Vanessa Murdock and Ronny Lempel and Fabrizio Silvestri},
  volume    = {7224},
  series    = {Lecture Notes in Computer Science},
  pages     = {485--488},
  publisher = {Springer},
  bibsource = {dblp computer science bibliography, https://dblp.org},
  biburl    = {https://dblp.org/rec/conf/ecir/DevezasCNR12.bib},
  doi       = {10.1007/978-3-642-28997-2_47},
  timestamp = {Sun, 22 Sep 2019 18:15:38 +0200},
}

@Article{Devezas2012,
  author  = {Devezas, Jos\'{e} and Figueira, \'{A}lvaro},
  title   = {{Finding Language-Independent Contextual Supernodes on Coreference Networks}},
  journal = {IAENG International Journal of Computer Science},
  year    = {2012},
  volume  = {39},
  number  = {2},
  pages   = {200--207},
  url     = {http://www.iaeng.org/IJCS/issues_v39/issue_2/IJCS_39_2_07.pdf},
}

@InProceedings{Devezas2011a,
  author    = {Devezas, Jos\'{e} and Figueira, \'{A}lvaro},
  title     = {Interactive Visualization of a News Clips Network: A Journalistic Research and Knowledge Discovery Tool},
  booktitle = {Proceedings of the 4th International Conference on Knowledge Discovery and Information Retrieval (KDIR 2012)},
  year      = {2011},
  address   = {Barcelona, Spain},
  url       = {https://scitepress.org/papers/2012/41087/41087.pdf},
}

@TechReport{Devezas2011b,
  author      = {Devezas, Jos\'{e}},
  title       = {{An Overview of the Graph Database Paradigm - Breadcrumbs Project}},
  institution = {CRACS/INESC TEC, Faculdade de Ci\^{e}ncias, Universidade do Porto},
  year        = {2011},
  address     = {Porto, Portugal},
}

@InProceedings{Devezas2011,
  author    = {Jos{\'{e}} Lu{\'{\i}}s Devezas and S{\'{e}}rgio Nunes and Cristina Ribeiro},
  title     = {Using the H-Index to Estimate Blog Authority},
  booktitle = {Proceedings of the Fifth International Conference on Weblogs and Social Media, Barcelona, Catalonia, Spain, July 17-21, 2011},
  year      = {2011},
  editor    = {Lada A. Adamic and Ricardo Baeza{-}Yates and Scott Counts},
  publisher = {The {AAAI} Press},
  bibsource = {dblp computer science bibliography, https://dblp.org},
  biburl    = {https://dblp.org/rec/conf/icwsm/DevezasNR11.bib},
  timestamp = {Sun, 22 Sep 2019 18:15:38 +0200},
  url       = {http://www.aaai.org/ocs/index.php/ICWSM/ICWSM11/paper/view/2829},
}

@TechReport{Devezas2011c,
  author      = {Devezas, Jos\'{e} and Nunes, S\'{e}rgio and Ribeiro, Cristina},
  title       = {{Overlapping Community Detection - Laboratório SAPO/U.Porto Report}},
  institution = {Laboratório SAPO/U.Porto},
  year        = {2011},
  address     = {Porto, Portugal},
}

@InProceedings{Devezas2010a,
  author    = {Jos{\'{e}} Lu{\'{\i}}s Devezas and Cristina Ribeiro and S{\'{e}}rgio Nunes},
  title     = {Studying blog features over link popularity},
  booktitle = {Proceedings of the 3rd Workshop on Social Network Mining and Analysis, {SNAKDD} 2009, Paris, France, June 28, 2009},
  year      = {2010},
  editor    = {C. Lee Giles and Prasenjit Mitra and Igor Perisic and John Yen and Haizheng Zhang},
  pages     = {31--34},
  publisher = {{ACM}},
  bibsource = {dblp computer science bibliography, https://dblp.org},
  biburl    = {https://dblp.org/rec/conf/kdd/Devezas0N10.bib},
  doi       = {10.1145/1964858.1964863},
  timestamp = {Tue, 06 Nov 2018 16:59:37 +0100},
}

@MastersThesis{Devezas2010,
  author = {Devezas, Jos\'{e}},
  title  = {Link Ecosystem of the Portuguese Blogosphere},
  school = {Faculty of Engineering, University of Porto},
  year   = {2010},
  type   = {Master's thesis},
  url    = {http://hdl.handle.net/10216/58922},
}

@InProceedings{Devezas2010b,
  author    = {Jos{\'{e}} Lu{\'{\i}}s Devezas and S{\'{e}}rgio Nunes and Cristina Ribeiro},
  title     = {{FEUP} at {TREC} 2010 Blog Track: Using h-index for blog ranking},
  booktitle = {Proceedings of The Nineteenth Text REtrieval Conference, {TREC} 2010, Gaithersburg, Maryland, USA, November 16-19, 2010},
  year      = {2010},
  editor    = {Ellen M. Voorhees and Lori P. Buckland},
  volume    = {500-294},
  series    = {{NIST} Special Publication},
  publisher = {National Institute of Standards and Technology {(NIST)}},
  bibsource = {dblp computer science bibliography, https://dblp.org},
  biburl    = {https://dblp.org/rec/conf/trec/DevezasNR10.bib},
  timestamp = {Thu, 12 Mar 2020 11:30:39 +0100},
  url       = {http://trec.nist.gov/pubs/trec19/papers/labs-sapo-up.blog.pdf},
}

@TechReport{Devezas2016b,
  author      = {Devezas, Jos\'{e}},
  title       = {{Entity-Oriented Search - FEUP InfoLab Report}},
  institution = {Laboratório de Sistemas de Informação, Faculdade de Engenharia, Universidade do Porto},
  year        = {2016},
  address     = {Porto, Portugal},
}

@InProceedings{Devezas2017a,
  author    = {Jos{\'{e}} Lu{\'{\i}}s Devezas and Carla Teixeira Lopes and S{\'{e}}rgio Nunes},
  title     = {{FEUP} at {TREC} 2017 OpenSearch Track Graph-Based Models for Entity-Oriented},
  booktitle = {Proceedings of The Twenty-Sixth Text REtrieval Conference, {TREC} 2017, Gaithersburg, Maryland, USA, November 15-17, 2017},
  year      = {2017},
  editor    = {Ellen M. Voorhees and Angela Ellis},
  volume    = {500-324},
  series    = {{NIST} Special Publication},
  publisher = {National Institute of Standards and Technology {(NIST)}},
  bibsource = {dblp computer science bibliography, https://dblp.org},
  biburl    = {https://dblp.org/rec/conf/trec/DevezasLN17.bib},
  timestamp = {Thu, 12 Mar 2020 11:30:11 +0100},
  url       = {https://trec.nist.gov/pubs/trec26/papers/FEUP-O.pdf},
}

@TechReport{Devezas2017b,
  author      = {José Devezas},
  title       = {Army ANT: A Workbench for Innovation in Entity-Oriented Search - External Option: Scientific Activities – TREC Open Search},
  institution = {Faculty of Engineering, University of Porto},
  year        = {2017},
  type        = {resreport},
  month       = jun,
  url         = {https://hdl.handle.net/10216/110181},
}

@TechReport{Devezas2017d,
  author      = {José Devezas},
  title       = {Auditing Open Access Repositories - Free Option: Supervised Study – Digital Archives and Libraries},
  institution = {Faculty of Engineering, University of Porto},
  year        = {2017},
  type        = {resreport},
  month       = may,
  url         = {https://hdl.handle.net/10216/104152},
}

@InProceedings{Devezas2018,
  author    = {Jos{\'{e}} Lu{\'{\i}}s Devezas and S{\'{e}}rgio Nunes and Antonio Guill{\'{e}}n and Yoan Guti{\'{e}}rrez and Rafael Mu{\~{n}}oz},
  title     = {{FEUP} at {TREC} 2018 Common Core Track - Reranking for Diversity using Hypergraph-of-Entity and Document Profiling},
  booktitle = {Proceedings of the Twenty-Seventh Text REtrieval Conference, {TREC} 2018, Gaithersburg, Maryland, USA, November 14-16, 2018},
  year      = {2018},
  editor    = {Ellen M. Voorhees and Angela Ellis},
  volume    = {500-331},
  series    = {{NIST} Special Publication},
  publisher = {National Institute of Standards and Technology {(NIST)}},
  bibsource = {dblp computer science bibliography, https://dblp.org},
  biburl    = {https://dblp.org/rec/conf/trec/DevezasNGGM18.bib},
  timestamp = {Thu, 12 Mar 2020 11:29:52 +0100},
  url       = {https://trec.nist.gov/pubs/trec27/papers/FEUP-CC.pdf},
}

@InProceedings{Devezas2018a,
  author    = {José Devezas and Sérgio Nunes},
  title     = {Social Media and Information Consumption Diversity},
  booktitle = {Proceedings of the Second International Workshop on Recent Trends in News Information Retrieval co-located with 40th European Conference on Information Retrieval {(ECIR} 2018), Grenoble, France, March 26, 2018},
  year      = {2018},
  pages     = {18--23},
  bibsource = {dblp computer science bibliography, https://dblp.org},
  biburl    = {https://dblp.org/rec/bib/conf/ecir/DevezasN18},
  timestamp = {Tue, 28 May 2019 16:23:35 +0200},
  url       = {http://ceur-ws.org/Vol-2079/paper5.pdf},
}

@InProceedings{Devezas2019,
  author    = {José Devezas and Sérgio Nunes},
  title     = {Graph-of-Entity: A Model for Combined Data Representation and Retrieval},
  booktitle = {Proceedings of the 8th Symposium on Languages, Applications and Technologies (SLATE 2019)},
  year      = {2019},
  address   = {Vila do Conde, Portugal},
  doi       = {10.4230/OASIcs.SLATE.2019.1},
}

@Article{Devezas2019a,
  author  = {José Devezas and Sérgio Nunes},
  title   = {Hypergraph-of-entity: A unified representation model for the retrieval of text and knowledge},
  journal = {Open Computer Science},
  year    = {2019},
  volume  = {9},
  number  = {1},
  pages   = {103--127},
  month   = jun,
  doi     = {10.1515/comp-2019-0006},
}

@Misc{Devezas2019b,
  author       = {José Devezas and Sérgio Nunes},
  title        = {{Simple English Wikipedia Link Graph with Clickstream Transitions 2018-12 [dataset]}},
  howpublished = {INESC TEC research data repository},
  month        = mar,
  year         = {2019},
  doi          = {10.25747/83vk-zt74},
}

@article{Devezas2021ARO,
  title={A Review of Graph-Based Models for Entity-Oriented Search},
  author={José Devezas and Sérgio Nunes},
  journal={SN Computer Science},
  volume = {2},
  number = {6},
  year={2021}
}

@InProceedings{Devezas2019c,
  author    = {José Devezas and Sérgio Nunes},
  title     = {Characterizing the Hypergraph-of-Entity Representation Model},
  booktitle = {Complex Networks and Their Applications {VIII} - Volume 2 Proceedings of the Eighth International Conference on Complex Networks and Their Applications {COMPLEX} {NETWORKS} 2019, Lisbon, Portugal, December 10-12, 2019},
  year      = {2019},
  pages     = {3--14},
  bibsource = {dblp computer science bibliography, https://dblp.org},
  biburl    = {https://dblp.org/rec/bib/conf/complexnetworks/DevezasN19},
  doi       = {10.1007/978-3-030-36683-4_1},
  timestamp = {Thu, 28 Nov 2019 13:51:41 +0100},
}

@InProceedings{Devezas2020,
  author    = {Jos{\'{e}} Devezas},
  title     = {Graph-Based Entity-Oriented Search: {A} Unified Framework in Information Retrieval},
  booktitle = {Advances in Information Retrieval - 42nd European Conference on {IR} Research, {ECIR} 2020, Lisbon, Portugal, April 14-17, 2020, Proceedings, Part {II}},
  year      = {2020},
  editor    = {Joemon M. Jose and Emine Yilmaz and Jo{\~{a}}o Magalh{\~{a}}es and Pablo Castells and Nicola Ferro and M{\'{a}}rio J. Silva and Fl{\'{a}}vio Martins},
  volume    = {12036},
  series    = {Lecture Notes in Computer Science},
  pages     = {602--607},
  publisher = {Springer},
  bibsource = {dblp computer science bibliography, https://dblp.org},
  biburl    = {https://dblp.org/rec/conf/ecir/Devezas20.bib},
  doi       = {10.1007/978-3-030-45442-5_78},
  timestamp = {Thu, 14 May 2020 10:17:16 +0200},
}

@InProceedings{Devezas2020a,
  author    = {Jos{\'{e}} Lu{\'{\i}}s Devezas and S{\'{e}}rgio Nunes},
  title     = {Army {ANT:} {A} Workbench for Innovation in Entity-Oriented Search},
  booktitle = {Advances in Information Retrieval - 42nd European Conference on {IR} Research, {ECIR} 2020, Lisbon, Portugal, April 14-17, 2020, Proceedings, Part {II}},
  year      = {2020},
  editor    = {Joemon M. Jose and Emine Yilmaz and Jo{\~{a}}o Magalh{\~{a}}es and Pablo Castells and Nicola Ferro and M{\'{a}}rio J. Silva and Fl{\'{a}}vio Martins},
  volume    = {12036},
  series    = {Lecture Notes in Computer Science},
  pages     = {449--453},
  publisher = {Springer},
  bibsource = {dblp computer science bibliography, https://dblp.org},
  biburl    = {https://dblp.org/rec/conf/ecir/DevezasN20.bib},
  doi       = {10.1007/978-3-030-45442-5_56},
  timestamp = {Thu, 14 May 2020 10:17:16 +0200},
}

@inproceedings{Damas2022,
  author    = {João Damas and
               José Devezas and
               Sérgio Nunes},
  editor    = {Goreti Marreiros and
               Bruno Martins and
               Ana Paiva and
               Bernardete Ribeiro and
               Alberto Sardinha},
  title     = {Federated Search Using Query Log Evidence},
  booktitle = {Progress in Artificial Intelligence - 21st {EPIA} Conference on Artificial
               Intelligence, {EPIA} 2022, Lisbon, Portugal, August 31 - September
               2, 2022, Proceedings},
  series    = {Lecture Notes in Computer Science},
  volume    = {13566},
  pages     = {794--805},
  publisher = {Springer},
  year      = {2022},
  doi       = {10.1007/978-3-031-16474-3\_64},
  timestamp = {Mon, 19 Sep 2022 19:04:17 +0200},
}

@Article{Devezas2020b,
  author    = {José Devezas and Sérgio Nunes},
  title     = {Characterizing the hypergraph-of-entity and the structural impact of its extensions},
  journal   = {Applied Network Science - Special Issue of the 8th International Conference on Complex Networks and Their Applications},
  year      = {2020},
  volume    = {5},
  number    = {1},
  pages     = {79},
  issn      = {2364-8228},
  doi       = {10.1007/s41109-020-00320-z},
  timestamp = {Fri, 18 Sep 2020 11:14:59 +0200},
}

@PhdThesis{Devezas2021,
  author = {José Devezas},
  title  = {Graph-Based Entity-Oriented Search},
  school = {Faculty of Engineering, University of Porto},
  year   = {2021},
  type   = {phdthesis},
  url    = {http://josedevezas.com/publications/mapi1617-jose_devezas-thesis-digital_version.pdf},
}

@InProceedings{Devezas2016,
  author    = {Tiago Devezas and José Devezas and Sérgio Nunes},
  title     = {Exploring a Large News Collection Using Visualization Tools},
  booktitle = {Proceedings of the First International Workshop on Recent Trends in News Information Retrieval co-located with 38th European Conference on Information Retrieval {(ECIR} 2016), Padua, Italy, March 20, 2016},
  year      = {2016},
  pages     = {48--53},
  bibsource = {dblp computer science bibliography, https://dblp.org},
  biburl    = {https://dblp.org/rec/bib/conf/ecir/DevezasDN16},
  timestamp = {Tue, 28 May 2019 16:23:34 +0200},
  url       = {http://ceur-ws.org/Vol-1568/paper9.pdf},
}

@Comment{jabref-meta: databaseType:bibtex;}
